
@article{AroraBP01,
  author    = {Nimar S. Arora and
               Robert D. Blumofe and
               C. Greg Plaxton},
  title     = {Thread Scheduling for Multiprogrammed Multiprocessors},
  journal   = {Theory Comput. Syst.},
  volume    = {34},
  number    = {2},
  year      = {2001},
  pages     = {115-144},
  ee        = {http://dx.doi.org/10.1007/s00224-001-0004-z},
  bibsource = {DBLP, http://dblp.uni-trier.de}
}


@article{BastMS03,
  author    = {H. Bast and
               Kurt Mehlhorn and
               Guido Sch{\"a}fer},
  title     = {A Heuristic for Dijkstra's Algorithm with Many Targets and
               Its Use in Weighted Matching Algorithms},
  journal   = {Algorithmica},
  volume    = {36},
  number    = {1},
  year      = {2003},
  pages     = {75-88},
  ee        = {http://dx.doi.org/10.1007/s00453-002-1008-z},
  bibsource = {DBLP, http://dblp.uni-trier.de}
}

@article{BentleyCL93,
  author    = {Jon Louis Bentley and
               Kenneth L. Clarkson and
               David B. Levine},
  title     = {Fast Linear Expected-Time Algorithms for Computing Maxima
               and Convex Hulls},
  journal   = {Algorithmica},
  volume    = {9},
  number    = {2},
  year      = {1993},
  pages     = {168-183},
  ee        = {http://dx.doi.org/10.1007/BF01188711},
  bibsource = {DBLP, http://dblp.uni-trier.de}
}

@article{ClimacoCP03,
  author    = {Jo{\~a}o C. N. Cl\'{\i}maco and
               Jos{\'e} M. F. Craveirinha and
               Marta M. B. Pascoal},
  title     = {A bicriterion approach for routing problems in multimedia
               networks},
  journal   = {Networks},
  volume    = {41},
  number    = {4},
  year      = {2003},
  pages     = {206-220},
  ee        = {http://dx.doi.org/10.1002/net.10073},
  bibsource = {DBLP, http://dblp.uni-trier.de}
}


@book{CLRS01,
  author    = {Thomas H. Cormen and
               Charles E. Leiserson and
               Ronald L. Rivest and
               Clifford Stein},
  title     = {Introduction to Algorithms, Second Edition},
  publisher = {The MIT Press and McGraw-Hill Book Company},
  year      = {2001},
  isbn      = {0-262-03293-7, 0-07-013151-1},
  bibsource = {DBLP, http://dblp.uni-trier.de}
}

@article{Dijkstra59,
  title={A note on two problems in connexion with graphs},
  author={Dijkstra, Edsger W},
  journal={Numerische mathematik},
  volume={1},
  number={1},
  pages={269--271},
  year={1959},
  publisher={Springer}
}

@phdthesis{Erb13,
  Type      =   {Master's thesis},
  Title     =   {Engineering Parallel Bi-Criteria Shortest Path Search},
  Author    =   {Stefan Erb},
  School    =   {Karlsruhe Institute of Technology},
  Year      =   {2013}
}

@article{EhrgottG02,
  title={Multiple Criteria Optimization: State of the Art Annotated Bibliographic Surveys},
  author={Ehrgott, Matthias and Gandibleux, Xavier and others},
  year={2002}
}


@book{GareyJ79,
  author    = {M. R. Garey and
               David S. Johnson},
  title     = {Computers and Intractability: A Guide to the Theory of NP-Completeness},
  publisher = {W. H. Freeman},
  year      = {1979},
  isbn      = {0-7167-1044-7},
  bibsource = {DBLP, http://dblp.uni-trier.de}
}

@article{GodfreySG07,
  author    = {Parke Godfrey and
               Ryan Shipley and
               Jarek Gryz},
  title     = {Algorithms and analyses for maximal vector computation},
  journal   = {VLDB J.},
  volume    = {16},
  number    = {1},
  year      = {2007},
  pages     = {5-28},
  ee        = {http://dx.doi.org/10.1007/s00778-006-0029-7},
  bibsource = {DBLP, http://dblp.uni-trier.de}
}

@article{GuerrieroM01,
  title={Label correcting methods to solve multicriteria shortest path problems},
  author={Guerriero, F and Musmanno, R},
  journal={Journal of Optimization Theory and Applications},
  volume={111},
  number={3},
  pages={589--613},
  year={2001},
  publisher={Springer}
}

@incollection{Hansen80,
  title={Bicriterion path problems},
  author={Hansen, Pierre},
  booktitle={Multiple criteria decision making theory and application},
  pages={109--127},
  year={1980},
  publisher={Springer}
}

@inproceedings{JahnMS00,
  title={Optimal routing of traffic flows with length restrictions in networks with congestion},
  author={Jahn, Olaf and M{\"o}hring, Rolf H and Schulz, Andreas S},
  booktitle={Operations Research Proceedings 1999},
  pages={437--442},
  year={2000},
  organization={Springer}
}

@article{KungLP75,
  author    = {H. T. Kung and
               Fabrizio Luccio and
               Franco P. Preparata},
  title     = {On Finding the Maxima of a Set of Vectors},
  journal   = {J. {ACM}},
  year      = {1975},
  volume    = {22},
  number    = {4},
  pages     = {469--476},
  url       = {http://doi.acm.org/10.1145/321906.321910},
  doi       = {10.1145/321906.321910},
  timestamp = {Fri, 03 Oct 2014 11:51:43 +0200},
  biburl    = {http://dblp.uni-trier.de/rec/bib/journals/jacm/KungLP75},
  bibsource = {dblp computer science bibliography, http://dblp.org}
}


@article{Martins84,
  title={On a multicriteria shortest path problem},
  author={Martins, Ernesto Queiros Vieira},
  journal={European Journal of Operational Research},
  volume={16},
  number={2},
  pages={236--245},
  year={1984},
  publisher={Elsevier}
}

@article{MartinsPRS07,
  title={Ranking multiobjective shortest paths},
  author={Martins, Ernesto Queir{\'o}s and Paix{\~a}o, Jos{\'e} Manuel and Rosa, M{\'a}rio Silva and Santos, Jos{\'e} Luis},
  year={2007},
  publisher={Centro de Matem{\'a}tica da Universidade de Coimbra}
}

@inproceedings{MehlhornZ00,
  author    = {Kurt Mehlhorn and
               Mark Ziegelmann},
  title     = {Resource Constrained Shortest Paths},
  booktitle = {ESA},
  year      = {2000},
  pages     = {326-337},
  ee        = {http://dx.doi.org/10.1007/3-540-45253-2_30},
  crossref  = {DBLP:conf/esa/2000},
  bibsource = {DBLP, http://dblp.uni-trier.de}
}
@proceedings{DBLP:conf/esa/2000,
  editor    = {Mike Paterson},
  title     = {Algorithms - ESA 2000, 8th Annual European Symposium, Saarbr{\"u}cken,
               Germany, September 5-8, 2000, Proceedings},
  booktitle = {ESA},
  publisher = {Springer},
  series    = {Lecture Notes in Computer Science},
  volume    = {1879},
  year      = {2000},
  isbn      = {3-540-41004-X},
  bibsource = {DBLP, http://dblp.uni-trier.de}
}


@inproceedings{Muller-HannemannW01,
  author    = {Matthias M{\"u}ller-Hannemann and
               Karsten Weihe},
  title     = {Pareto Shortest Paths is Often Feasible in Practice},
  booktitle = {Algorithm Engineering},
  year      = {2001},
  pages     = {185-198},
  ee        = {http://dx.doi.org/10.1007/3-540-44688-5_15},
  crossref  = {DBLP:conf/wae/2001},
  bibsource = {DBLP, http://dblp.uni-trier.de}
}

@article{Muller-HannemannW06,
  author    = {Matthias M{\"u}ller-Hannemann and
               Karsten Weihe},
  title     = {On the cardinality of the Pareto set in bicriteria shortest
               path problems},
  journal   = {Annals OR},
  volume    = {147},
  number    = {1},
  year      = {2006},
  pages     = {269-286},
  ee        = {http://dx.doi.org/10.1007/s10479-006-0072-1},
  bibsource = {DBLP, http://dblp.uni-trier.de}
}

@proceedings{DBLP:conf/wae/2001,
  editor    = {Gerth St{\o}lting Brodal and
               Daniele Frigioni and
               Alberto Marchetti-Spaccamela},
  title     = {Algorithm Engineering, 5th International Workshop, WAE 2001
               Aarhus, Denmark, August 28-31, 2001, Proceedings},
  publisher = {Springer},
  series    = {Lecture Notes in Computer Science},
  volume    = {2141},
  year      = {2001},
  isbn      = {3-540-42500-4},
  bibsource = {DBLP, http://dblp.uni-trier.de}
}

@incollection{PaixaoS13,
  title={Labeling Methods for the General Case of the Multi-objective Shortest Path Problem--A Computational Study},
  author={Paix{\~a}o, Jos{\'e} Manuel and Santos, Jos{\'e} Luis},
  booktitle={Computational Intelligence and Decision Making},
  pages={489--502},
  year={2013},
  publisher={Springer}
}

@inproceedings{SM13,
  author    = {Peter Sanders and
               Lawrence Mandow},
  title     = {Parallel Label-Setting Multi-objective Shortest Path Search},
  booktitle = {IPDPS},
  year      = {2013},
  pages     = {215-224},
  ee        = {http://dx.doi.org/10.1109/IPDPS.2013.89, http://doi.ieeecomputersociety.org/10.1109/IPDPS.2013.89},
  crossref  = {DBLP:conf/ipps/2013},
  bibsource = {DBLP, http://dblp.uni-trier.de}
}
@proceedings{DBLP:conf/ipps/2013,
  title     = {27th IEEE International Symposium on Parallel and Distributed
               Processing, IPDPS 2013, Cambridge, MA, USA, May 20-24, 2013},
  booktitle = {IPDPS},
  publisher = {IEEE Computer Society},
  year      = {2013},
  isbn      = {978-1-4673-6066-1},
  ee        = {http://ieeexplore.ieee.org/xpl/mostRecentIssue.jsp?punumber=6569024, http://www.computer.org/csdl/proceedings/ipdps/2013/4971/00/index.html},
  bibsource = {DBLP, http://dblp.uni-trier.de}
}

@article{Sonnier06,
  title={Parallel Algorithms for Multicriteria Shortest Path Problems},
  author={Sonnier, David L},
  journal={Journal of the Arkansas Academy of Science},
  volume={60},
  year={2006}
}


@phdthesis{Wimmer14,
  Type      =   {Dissertation},
  Title     =   {Variations on Task Scheduling for Shared Memory Systems},
  Author    =   {Martin Wimmer},
  School    =   {Vienna University of Technology},
  Year      =   {2014}
}

@article{WimmerKLSM,
  title={The lock-free k-LSM relaxed priority queue},
  author={Martin Wimmer},
  note={To appear}
}


@inproceedings{WVTCT13,
  author    = {Martin Wimmer and
               Francesco Versaci and
               Jesper Larsson Tr{\"a}ff and
               Daniel Cederman and
               Philippas Tsigas},
  title     = {Data structures for task-based priority scheduling},
  booktitle = {PPOPP},
  year      = {2014},
  pages     = {379-380},
  ee        = {http://doi.acm.org/10.1145/2555243.2555278},
  crossref  = {DBLP:conf/ppopp/2014},
  bibsource = {DBLP, http://dblp.uni-trier.de}
}
@proceedings{DBLP:conf/ppopp/2014,
  editor    = {Jos{\'e} Moreira and
               James R. Larus},
  title     = {ACM SIGPLAN Symposium on Principles and Practice of Parallel
               Programming, PPoPP '14, Orlando, FL, USA, February 15-19,
               2014},
  booktitle = {PPOPP},
  publisher = {ACM},
  year      = {2014},
  isbn      = {978-1-4503-2656-8},
  ee        = {http://dl.acm.org/citation.cfm?id=2555243},
  bibsource = {DBLP, http://dblp.uni-trier.de}
}

